<record><recordSchema>MARC21-xml</recordSchema><recordPacking>xml</recordPacking><recordData><slim:record xmlns:slim="http://www.loc.gov/MARC21/slim" type="Bibliographic">
    <slim:leader>01037nas a2200253 c 4500</slim:leader>
    <slim:controlfield tag="001">016305078</slim:controlfield>
    <slim:controlfield tag="003">DE-101</slim:controlfield>
    <slim:controlfield tag="005">20050524195025.0</slim:controlfield>
    <slim:controlfield tag="007">tu</slim:controlfield>
    <slim:controlfield tag="008">991121d19591959xx u||p|  ||| 1||||0rus c</slim:controlfield>
    <slim:datafield tag="016" ind1="7" ind2=" ">
      <slim:subfield code="2">DE-101</slim:subfield>
      <slim:subfield code="a">016305078</slim:subfield>
    </slim:datafield>
    <slim:datafield tag="016" ind1="7" ind2=" ">
      <slim:subfield code="2">DE-600</slim:subfield>
      <slim:subfield code="a">1100293-1</slim:subfield>
    </slim:datafield>
    <slim:datafield tag="035" ind1=" " ind2=" ">
      <slim:subfield code="a">(DE-599)ZDB1100293-1</slim:subfield>
    </slim:datafield>
    <slim:datafield tag="040" ind1=" " ind2=" ">
      <slim:subfield code="a">9001</slim:subfield>
      <slim:subfield code="b">ger</slim:subfield>
      <slim:subfield code="c">DE-101</slim:subfield>
      <slim:subfield code="d">9999</slim:subfield>
    </slim:datafield>
    <slim:datafield tag="041" ind1=" " ind2=" ">
      <slim:subfield code="a">rus</slim:subfield>
    </slim:datafield>
    <slim:datafield tag="044" ind1=" " ind2=" ">
      <slim:subfield code="c">XA-SUHH</slim:subfield>
    </slim:datafield>
    <slim:datafield tag="082" ind1="7" ind2="4">
      <slim:subfield code="a">570</slim:subfield>
      <slim:subfield code="a">580</slim:subfield>
      <slim:subfield code="q">DE-600</slim:subfield>
      <slim:subfield code="2">22sdnb</slim:subfield>
    </slim:datafield>
    <slim:datafield tag="084" ind1=" " ind2=" ">
      <slim:subfield code="a">570</slim:subfield>
      <slim:subfield code="a">580</slim:subfield>
      <slim:subfield code="q">DE-600</slim:subfield>
      <slim:subfield code="2">sdnb</slim:subfield>
    </slim:datafield>
    <slim:datafield tag="111" ind1="2" ind2=" ">
      <slim:subfield code="0">(DE-588)3749-7</slim:subfield>
      <slim:subfield code="0">(DE-101)000037494</slim:subfield>
      <slim:subfield code="a">Vsesojuznaja Konferencija po Fotosintezu</slim:subfield>
      <slim:subfield code="4">aut</slim:subfield>
    </slim:datafield>
    <slim:datafield tag="245" ind1="1" ind2="0">
      <slim:subfield code="a">Doklady na ... Vsesojuznoj Konferencii po Fotosintezu / Akademija Nauk SSSR, Otdelenie Biologičeskich Nauk ; Moskovskij Gosudarstvennyj Universitet Im. M. V. Lomonosova, Biologo-Počvennyj Fakul'tet</slim:subfield>
      <slim:subfield code="b">= Reports of ... All-Union Conference on Photosynthesis / Biological Section of USSR Academy of Sciences and Biology-Soil Department of Moscow State University</slim:subfield>
    </slim:datafield>
    <slim:datafield tag="260" ind1="3" ind2=" ">
      <slim:subfield code="a">Moskva</slim:subfield>
      <slim:subfield code="b">Akad.</slim:subfield>
    </slim:datafield>
    <slim:datafield tag="362" ind1="0" ind2=" ">
      <slim:subfield code="a">2.1957(1959) nachgewiesen</slim:subfield>
    </slim:datafield>
    <slim:datafield tag="546" ind1=" " ind2=" ">
      <slim:subfield code="a">In kyrill. Schr</slim:subfield>
    </slim:datafield>
    <slim:datafield tag="591" ind1=" " ind2=" ">
      <slim:subfield code="a">Aut.RZK</slim:subfield>
    </slim:datafield>
  </slim:record></recordData><recordPosition>22</recordPosition></record>